<record><leader>00000cas a2200000 a 4500</leader><controlfield tag="001">11167181</controlfield><controlfield tag="008">840918d19061912ksudr ne      0   a0eng d</controlfield><controlfield tag="009">3789</controlfield><datafield ind1=" " ind2=" " tag="010"><subfield code="a">sn 84029774 </subfield></datafield><datafield ind1=" " ind2=" " tag="040"><subfield code="a">KSH</subfield><subfield code="b">eng</subfield><subfield code="c">KSH</subfield><subfield code="d">NPT</subfield><subfield code="d">OCL</subfield></datafield><datafield ind1=" " ind2=" " tag="042"><subfield code="a">msc</subfield></datafield><datafield ind1="0" ind2=" " tag="130"><subfield code="a">Evening telegram (Garden City, Kan.)</subfield></datafield><datafield ind1="0" ind2="4" tag="245"><subfield code="a">The evening telegram.</subfield></datafield><datafield ind1=" " ind2=" " tag="260"><subfield code="a">Garden City, Kan. :</subfield><subfield code="b">Evening Telegram Co.,</subfield><subfield code="c">1906-</subfield></datafield><datafield ind1=" " ind2=" " tag="300"><subfield code="a">v. :</subfield><subfield code="b">ill.</subfield></datafield><datafield ind1=" " ind2=" " tag="310"><subfield code="a">Daily (except Sunday)</subfield></datafield><datafield ind1="0" ind2=" " tag="362"><subfield code="a">Vol. 1, no. 1 (Dec. 10, 1906)-</subfield></datafield><datafield ind1="1" ind2=" " tag="362"><subfield code="a">Ceased with Jan. 30, 1912 issue?</subfield></datafield><datafield ind1=" " ind2=" " tag="500"><subfield code="a">Published by Telegram Co., Aug. 18, 1910- .</subfield></datafield><datafield ind1=" " ind2=" " tag="500"><subfield code="a">"Republican."</subfield></datafield><datafield ind1=" " ind2=" " tag="752"><subfield code="a">United States</subfield><subfield code="b">Kansas</subfield><subfield code="c">Finney</subfield><subfield code="d">Garden City.</subfield></datafield><datafield ind1="0" ind2="7" tag="785"><subfield code="t">Garden City imprint</subfield><subfield code="w">(DLC)sn 84029761</subfield></datafield><datafield ind1="0" ind2="7" tag="785"><subfield code="t">Garden City telegram</subfield><subfield code="w">(DLC)sn 84029773</subfield></datafield></record>